@article{woodruff2014sketching,
  title={Sketching as a tool for numerical linear algebra},
  author={Woodruff, David P and others},
  journal={Foundations and Trends{\textregistered} in Theoretical Computer Science},
  volume={10},
  number={1--2},
  pages={1--157},
  year={2014},
  publisher={Now Publishers, Inc.}
}