@article{woodruff2014sketching,
  title={Sketching as a tool for numerical linear algebra},
  author={Woodruff, David P and others},
  journal={Foundations and Trends{\textregistered} in Theoretical Computer Science},
  volume={10},
  number={1--2},
  pages={1--157},
  year={2014},
  publisher={Now Publishers, Inc.}
}

@inproceedings{musco2017recursive,
  title={Recursive Sampling for the Nystrom Method},
  author={Musco, Cameron and Musco, Christopher},
  booktitle={Advances in Neural Information Processing Systems},
  pages={3836--3848},
  year={2017}
}

@inproceedings{clarkson2013low,
  title={Low rank approximation and regression in input sparsity time},
  author={Clarkson, Kenneth L and Woodruff, David P},
  booktitle={Proceedings of the forty-fifth annual ACM symposium on Theory of computing},
  pages={81--90},
  year={2013},
  organization={ACM}
}

@article{dasgupta2003elementary,
  title={An elementary proof of a theorem of Johnson and Lindenstrauss},
  author={Dasgupta, Sanjoy and Gupta, Anupam},
  journal={Random Structures \& Algorithms},
  volume={22},
  number={1},
  pages={60--65},
  year={2003},
  publisher={Wiley Online Library}
}

@inproceedings{nelson2013osnap,
  title={OSNAP: Faster numerical linear algebra algorithms via sparser subspace embeddings},
  author={Nelson, Jelani and Nguy{\^e}n, Huy L},
  booktitle={Foundations of Computer Science (FOCS), 2013 IEEE 54th Annual Symposium on},
  pages={117--126},
  year={2013},
  organization={IEEE}
}

@inproceedings{talukdar2014scaling,
  title={Scaling graph-based semi supervised learning to large number of labels using count-min sketch},
  author={Talukdar, Partha and Cohen, William},
  booktitle={Artificial Intelligence and Statistics},
  pages={940--947},
  year={2014}
}

@inproceedings{talukdar2009new,
  title={New regularized algorithms for transductive learning},
  author={Talukdar, Partha Pratim and Crammer, Koby},
  booktitle={Joint European Conference on Machine Learning and Knowledge Discovery in Databases},
  pages={442--457},
  year={2009},
  organization={Springer}
}

